@book{goldstein-classical,
  author    = {Herbert Goldstein and Charles P. Poole and John L. Safko},
  publisher = {Pearson Education},
  title     = {Classical Mechanics},
  year      = {2002},
  isbn      = {9788131758915}
}
@book{landau-mechanics,
  author    = {L. D. Landau and E. M. Lifshitz},
  publisher = {Butterworth-Heinemann},
  title     = {Mechanics},
  year      = {1976},
  isbn      = {978-0750628969}
}
@book{hachiware-analyticalMechanics,
  author    = {渡辺悠樹},
  publisher = {共立出版},
  title     = {解析力学},
  year      = {2024},
  isbn      = {9784320036314}
}
@book{peskin-introToQFT,
  title     = {An Introduction to Quantum Field Theory},
  author    = {Michael E. Peskin and Daniel V. Schroeder},
  publisher = {Westview Press; CRC Press},
  isbn      = {9780201503975},
  year      = {2018},
  series    = {Frontiers in Physics},
  edition   = {First edition}
}
@book{griffith-introToEP,
  author    = {David J. Griffiths},
  publisher = {Wiley-VCH},
  title     = {Introduction to Elementary Particles},
  year      = {2008},
  edition   = {Second edition},
  isbn      = {9783527406012}
}
@book{sunakawa-em,
  author    = {砂川重信},
  publisher = {紀伊国屋書店},
  title     = {理論電磁気学},
  year      = {1999},
  isbn      = {978-4314008549}
}
@book{schiff,
  author    = {Leonard Schiff},
  publisher = {McGraw-Hill},
  title     = {Quantum Mechanics},
  year      = {1968},
  isbn      = {978-0070552876}
}
@book{young-freedman,
  title     = {University physics},
  author    = {Young, Hugh D and Freedman, Roger A and Sandin, TR and Ford, A Lewis},
  volume    = {9},
  year      = {1996},
  publisher = {Addison-Wesley Reading, MA}
}
@book{griffiths-qm,
  author    = {David J. Griffiths},
  publisher = {Cambridge University Press},
  title     = {Introduction to quantum mechanics},
  year      = {2018},
  isbn      = {978-1107189638}
}
@book{jjsakurai-qm,
  author    = {J. J. Sakurai and Jim Napolitano},
  publisher = {Cambridge University Press},
  title     = {Modern Quantum Mechanics},
  edition   = {2nd},
  year      = {2017},
  isbn      = {978-1-108-42241-3}
}
@book{geometry-spacetime,
  author    = {James J. Callahan},
  publisher = {Springer},
  title     = {The geometry of Spacetime: an Introduction to Special and
               General relativity},
  year      = {2001},
  isbn      = {978-1-4419-3142-9}
}
@book{schutz-gr,
  author    = {Bernard Schutz},
  publisher = {Cambridge University Press},
  title     = {A First Course in General Relativity},
  year      = {2022},
  edition   = {3rd Edition}
}
