
@article{1923-compton,
  author  = {Arthur H. Compton},
  journal = {A Quantum Theory of the Scattering of X-rays by Light Elements},
  number  = {483},
  title   = {Physical Review Letters},
  volume  = {21},
  year    = {1923}
}
@inbook{1905-photoelectric,
  author    = {Albert Einstein},
  chapter   = {On a Heuristic Point of View Concerning the Production and Transformation of Light},
  editor    = {John Stachel},
  publisher = {Princeton University Press},
  title     = {The Collected Papers of Albert Einstein},
  volume    = {2},
  year      = {1990}
}
@phdthesis{1925-deBroglie,
  author  = {Louis de Broglie},
  school  = {Paris},
  title   = {Recherches sur la th√©orie des quanta},
  year    = {1925},
  journal = {Annales de Physique}
}
@article{1913-bohr,
  author  = {Niels Bohr},
  journal = {The London, Edinburgh, and Dublin Philosophical Magazine and Journal of Science},
  number  = {151},
  title   = {On the Constitution of Atoms and Molecules},
  volume  = {26},
  year    = {1913}
}
