@online{maeno-leastAction,
  author = {前野昌弘},
  title  = {最小作用の原理はどこからくるか？},
  year   = {2024},
  url    = {http://irobutsu.a.la9.jp/fromRyukyu/wiki/index.php?%BA%C7%BE%AE%BA%EE%CD%D1%A4%CE%B8%B6%CD%FD%A4%CF%A4%C9%A4%B3%A4%AB%A4%E9%A4%AF%A4%EB%A4%AB%A1%A9}
}
@online{eman-functionalDerivative,
  author = {広江克彦},
  title  = {汎関数微分},
  year   = {2007},
  url    = {https://eman-physics.net/analytic/functional.html}
}
@online{suzuki-leastActionFluid,
  author = {鈴木康夫},
  title  = {流体力学における最小作用の原理（提案）},
  year   = {2022},
  url    = {https://hooktail.sub.jp/fluid/PrincipleofLeastActionforFluidMechanics/}
}
@online{eman-fluidEoM,
  author = {広江克彦},
  title  = {流体の運動方程式},
  year   = {2020},
  url    = {https://eman-physics.net/fluid/eq_of_motion.html}
}
@online{eman-legendreTransform,
  author = {広江克彦},
  title  = {ルジャンドル変換},
  year   = {2002},
  url    = {https://eman-physics.net/analytic/legendre.html}
}
@misc{NIST-const,
  author = {{National Institute of Standards and Technology}},
  title  = {Fundamental Physical Constants},
  year   = {2024},
  url    = {https://physics.nist.gov/cuu/Constants/index.html}
}
@online{feynman-lectures-online,
  author = {Richard P. Feynman and Robert B. Leighton and Matthew Sands},
  title  = {The Feynman Lectures on Physics},
  year   = {2024},
  url    = {https://www.feynmanlectures.caltech.edu}
}